@article{Claessen:QLT,
   author = {Claessen, Koen and Hughes, John},
    title = {QuickCheck: A Lightweight Tool for Random Testing of Haskell Programs},
     journal = {SIGPLAN Not.},
      issue_date = {April 2011},
       volume = {46},
        number = {4},
         month = { 5 },
          year = {2011},
           issn = {0362-1340},
            pages = {53--64},
             numpages = {12},
              url = {http://doi.acm.org/10.1145/1988042.1988046},
               doi = {10.1145/1988042.1988046},
                acmid = {1988046},
                 publisher = {ACM},
                  address = {New York, NY, USA},
} 
