@article{Rissanen:AC,
  author={J. {Rissanen} and G. G. {Langdon}},
  journal={IBM Journal of Research and Development},
  title={Arithmetic Coding},
  year={1979},
  volume={23},
  number={2},
  pages={149-162},
  keywords={},
  doi={10.1147/rd.232.0149},
  ISSN={0018-8646},
  month={March}
}

@article{Witten:AC,
  author = {Witten, Ian and H, Ian and Neal, and M, Radford and Cleary, and G, John},
  year = {1987},
  month = {01},
  pages = {520-},
  title = {Arithmetic Coding for Data Compression},
  volume = {30},
  journal = {Communications of the ACM},
  doi = {10.1007/978-0-387-30162-4_34}
}

@book{Sayood:IDC,
 author = {Sayood, Khalid},
 title = {Introduction to Data Compression, Fourth Edition},
 year = {2012},
 isbn = {0124157963, 9780124157965},
 edition = {4th},
 publisher = {Morgan Kaufmann Publishers Inc.},
 address = {San Francisco, CA, USA},
}

@article{Fenwick:FT,
 author = {Fenwick, Peter M.},
 title = {A New Data Structure for Cumulative Frequency Tables},
 journal = {Softw. Pract. Exper.},
 issue_date = {March 1994},
 volume = {24},
 number = {3},
 month = mar,
 year = {1994},
 issn = {0038-0644},
 pages = {327--336},
 numpages = {10},
 url = {http://dx.doi.org/10.1002/spe.4380240306},
 doi = {10.1002/spe.4380240306},
 acmid = {182416},
 publisher = {John Wiley \& Sons, Inc.},
 address = {New York, NY, USA},
 keywords = {arithmetic coding, binary indexed tree, cumulative frequencies},
}

@article{Hudak:Conception,
  title={Conception, Evolution, and Application of Functional Programming Languages},
  author={Paul Hudak},
  journal={ACM Comput. Surv.},
  year={1989},
  volume={21},
  pages={359-411}
}

@inproceedings{Wadler:MFP,
 author = {Wadler, Philip},
 title = {Monads for Functional Programming},
 booktitle = {Advanced Functional Programming, First International Spring School on Advanced Functional Programming Techniques-Tutorial Text},
 year = {1995},
 isbn = {3-540-59451-5},
 pages = {24--52},
 numpages = {29},
 url = {http://dl.acm.org/citation.cfm?id=647698.734146},
 acmid = {734146},
 publisher = {Springer-Verlag},
 address = {Berlin, Heidelberg},
}

@book{OSullivan:RWH,
 author = {O'Sullivan, Bryan and Goerzen, John and Stewart, Don},
 title = {Real World Haskell},
 year = {2008},
 isbn = {0596514980, 9780596514983},
 edition = {1st},
 publisher = {O'Reilly Media, Inc.},
}

@book{Thomasson:HHPP,
  publisher = {Packt Publishing},
  isbn = {1-78646-421-7},
  title = {Haskell High Performance Programming},
  language = {eng},
  author = {Thomasson Samuli},
}

@article{Launchbury:LFST,
 author = {Launchbury, John and Peyton Jones, Simon L.},
 title = {Lazy Functional State Threads},
 journal = {SIGPLAN Not.},
 issue_date = {June 1994},
 volume = {29},
 number = {6},
 month = jun,
 year = {1994},
 issn = {0362-1340},
 pages = {24--35},
 numpages = {12},
 url = {http://doi.acm.org/10.1145/773473.178246},
 doi = {10.1145/773473.178246},
 acmid = {178246},
 publisher = {ACM},
 address = {New York, NY, USA},
} 

@misc{Snoyman:PH, 
  title={Primitive Haskell}, 
  url={https://www.fpcomplete.com/blog/2015/02/primitive-haskell}, 
  publisher={FPComplete}, 
  author={Snoyman, Michael}, 
  date={2015-02-17},
  urldate={2019-09-09}
}

@inproceedings{Jones:FPO,
 author = {Jones, Mark P.},
 title = {Functional Programming with Overloading and Higher-Order Polymorphism},
 booktitle = {Advanced Functional Programming, First International Spring School on Advanced Functional Programming Techniques-Tutorial Text},
 year = {1995},
 isbn = {3-540-59451-5},
 pages = {97--136},
 numpages = {40},
 url = {http://dl.acm.org/citation.cfm?id=647698.734150},
 acmid = {734150},
 publisher = {Springer-Verlag},
 address = {Berlin, Heidelberg},
}

@article{Grabmuller:MTSS,
author = {Grabmuller, Martin},
year = {2006},
month = {01},
title = {Monad Transformers Step by Step},
url   = {https://page.mi.fu-berlin.de/scravy/realworldhaskell/materialien/monad-transformers-step-by-step.pdf},
urldate = {2019-09-10}
}
