@misc{Milewski:PF,
  author = {Bartosz Milewski},
  title = {Pure Functions, Laziness, I/O, and Monads},
  year = 2013,
  url = {https://www.schoolofhaskell.com/school/starting-with-haskell/basics-of-haskell/3-pure-functions-laziness-io},
  urldate = {2019-11-14}
}

@book{Abelson:SICP,
    added-at = {2012-12-17T22:51:51.000+0100},
      address = {Cambridge},
        author = {Abelson, Harold and Sussman, Gerald Jay and {with~Julie~Sussman}},
            edition = {2nd~Editon},
              interhash = {775b3d446d8c4e21ec98778a82c025c7},
                intrahash = {11f37613ed3a6705eca058670186d406},
                  isbn = {0-262-01153-0},
                    keywords = {LexicalAddressing SICP},
                      publisher = {MIT Press/McGraw-Hill},
                        timestamp = {2012-12-17T22:51:51.000+0100},
                          title = {Structure and Interpretation of Computer Programs},
                            year = 1996
}

@book{Pierce:TPL,
   author = {Pierce, Benjamin C.},
    title = {Types and Programming Languages},
     year = {2002},
      isbn = {9780262162098},
       edition = {1st},
        publisher = {The MIT Press},
} 

@book{Juric:EiA,
  author = {Saša Jurić},
  title = {Elixir in Action, Second Edition},
  year = {2019},
  isbn = {9781617295027}
}
